<record><leader>00000cas a2200000 a 4500</leader><controlfield tag="001">39234864</controlfield><controlfield tag="008">980605d19231925cauwr ne      0    0eng c</controlfield><datafield ind1=" " ind2=" " tag="010"><subfield code="a">sn 98061258 </subfield></datafield><datafield ind1=" " ind2=" " tag="040"><subfield code="a">CNK</subfield><subfield code="b">eng</subfield><subfield code="c">CNK</subfield><subfield code="d">OCLCQ</subfield><subfield code="d">CNK</subfield><subfield code="d">OCLCQ</subfield><subfield code="d">OCLCF</subfield><subfield code="d">OCLCO</subfield></datafield><datafield ind1="1" ind2=" " tag="029"><subfield code="a">AU@</subfield><subfield code="b">000014018126</subfield></datafield><datafield ind1=" " ind2=" " tag="042"><subfield code="a">pcc</subfield></datafield><datafield ind1=" " ind2=" " tag="043"><subfield code="a">n-us-ca</subfield></datafield><datafield ind1="0" ind2="0" tag="245"><subfield code="a">San Jacinto Valley register and the San Jacinto register.</subfield></datafield><datafield ind1="1" ind2="3" tag="246"><subfield code="a">San Jacinto register</subfield></datafield><datafield ind1=" " ind2=" " tag="260"><subfield code="a">San Jacinto, Calif. :</subfield><subfield code="b">Chester M. Kline</subfield></datafield><datafield ind1=" " ind2=" " tag="300"><subfield code="a">v.</subfield></datafield><datafield ind1=" " ind2=" " tag="310"><subfield code="a">Weekly</subfield></datafield><datafield ind1="0" ind2=" " tag="362"><subfield code="a">Vol. 38, no. 25 (July 19, 1923)-v. 40, no. 45 (Dec. 3, 1925).</subfield></datafield><datafield ind1=" " ind2=" " tag="500"><subfield code="a">"And the San Jacinto register" appears in small print beneath "San Jacinto Valley Register."</subfield></datafield><datafield ind1=" " ind2=" " tag="530"><subfield code="a">Master negatives are available for duplication from:</subfield><subfield code="b">California Newspaper Microfilm Archive;</subfield><subfield code="c">positive copies may be purchased by the reel; for further information consult the CNMA at:</subfield><subfield code="u">http://cbsr.ucr.edu</subfield></datafield><datafield ind1=" " ind2="0" tag="651"><subfield code="a">Hemet (Calif.)</subfield><subfield code="v">Newspapers.</subfield></datafield><datafield ind1=" " ind2="0" tag="651"><subfield code="a">San Jacinto (Calif.)</subfield><subfield code="v">Newspapers.</subfield></datafield><datafield ind1=" " ind2="7" tag="655"><subfield code="a">Newspapers.</subfield><subfield code="2">fast</subfield><subfield code="0">(OCoLC)fst01423814</subfield></datafield><datafield ind1=" " ind2="7" tag="651"><subfield code="a">California</subfield><subfield code="z">Hemet.</subfield><subfield code="2">fast</subfield><subfield code="0">(OCoLC)fst01214333</subfield></datafield><datafield ind1=" " ind2="7" tag="651"><subfield code="a">California</subfield><subfield code="z">San Jacinto.</subfield><subfield code="2">fast</subfield><subfield code="0">(OCoLC)fst01213990</subfield></datafield><datafield ind1=" " ind2=" " tag="752"><subfield code="a">United States</subfield><subfield code="b">California</subfield><subfield code="c">Riverside</subfield><subfield code="d">San Jacinto.</subfield></datafield><datafield ind1="0" ind2="0" tag="780"><subfield code="t">San Jacinto register (San Jacinto, Calif. : 1889)</subfield><subfield code="w">(DLC)sn 93052506</subfield></datafield><datafield ind1="0" ind2="0" tag="785"><subfield code="t">San Jacinto Valley register</subfield><subfield code="w">(DLC)sn 93052507</subfield></datafield></record>